<record><leader>00000cas a22000007a 4500</leader><controlfield tag="001">31789156</controlfield><controlfield tag="008">950109d19301931vauwr ne      0    0eng d</controlfield><datafield ind1=" " ind2=" " tag="010"><subfield code="a">sn 94060194 </subfield></datafield><datafield ind1=" " ind2=" " tag="040"><subfield code="a">NVK</subfield><subfield code="b">eng</subfield><subfield code="c">NVK</subfield><subfield code="d">OCLCF</subfield><subfield code="d">OCLCO</subfield></datafield><datafield ind1=" " ind2=" " tag="042"><subfield code="a">msc</subfield></datafield><datafield ind1="0" ind2=" " tag="130"><subfield code="a">Nottoway record (Crewe, Va. : 1930)</subfield></datafield><datafield ind1="0" ind2="4" tag="245"><subfield code="a">The Nottoway record.</subfield></datafield><datafield ind1=" " ind2=" " tag="260"><subfield code="a">Crewe, Va. :</subfield><subfield code="b">[s.n.],</subfield><subfield code="c">1930-</subfield></datafield><datafield ind1=" " ind2=" " tag="300"><subfield code="a">v.</subfield></datafield><datafield ind1=" " ind2=" " tag="310"><subfield code="a">Weekly</subfield></datafield><datafield ind1="0" ind2=" " tag="362"><subfield code="a">Vol. 22, no. 11 (March 7, 1930)-</subfield></datafield><datafield ind1="1" ind2=" " tag="362"><subfield code="a">Ceased Jan. 30, 1931.</subfield></datafield><datafield ind1=" " ind2=" " tag="500"><subfield code="a">"Devoted to the interests of Amelia and Nottoway counties."</subfield></datafield><datafield ind1=" " ind2=" " tag="530"><subfield code="a">Available on microfilm from Bell &amp; Howell, Micro Photo Div.</subfield></datafield><datafield ind1=" " ind2="0" tag="651"><subfield code="a">Crewe (Va.)</subfield><subfield code="v">Newspapers.</subfield></datafield><datafield ind1=" " ind2="0" tag="651"><subfield code="a">Amelia County (Va.)</subfield><subfield code="v">Newspapers.</subfield></datafield><datafield ind1=" " ind2="0" tag="651"><subfield code="a">Nottoway County (Va.)</subfield><subfield code="v">Newspapers.</subfield></datafield><datafield ind1=" " ind2="7" tag="655"><subfield code="a">Newspapers.</subfield><subfield code="2">fast</subfield><subfield code="0">(OCoLC)fst01423814</subfield></datafield><datafield ind1=" " ind2="7" tag="651"><subfield code="a">Virginia</subfield><subfield code="z">Amelia County.</subfield><subfield code="2">fast</subfield><subfield code="0">(OCoLC)fst01205224</subfield></datafield><datafield ind1=" " ind2="7" tag="651"><subfield code="a">Virginia</subfield><subfield code="z">Crewe.</subfield><subfield code="2">fast</subfield><subfield code="0">(OCoLC)fst01298342</subfield></datafield><datafield ind1=" " ind2="7" tag="651"><subfield code="a">Virginia</subfield><subfield code="z">Nottoway County.</subfield><subfield code="2">fast</subfield><subfield code="0">(OCoLC)fst01224108</subfield></datafield><datafield ind1=" " ind2=" " tag="752"><subfield code="a">United States</subfield><subfield code="b">Virginia</subfield><subfield code="c">Nottoway</subfield><subfield code="d">Crewe.</subfield></datafield><datafield ind1="0" ind2="0" tag="780"><subfield code="t">Nottoway record, the Amelia farmer and the Southern Virginian</subfield><subfield code="w">(DLC)sn 94060203</subfield></datafield><datafield ind1="0" ind2="7" tag="785"><subfield code="t">Blackstone courier (Blackstone, Va.)</subfield><subfield code="w">(DLC)sn 94060208</subfield></datafield><datafield ind1="0" ind2="7" tag="785"><subfield code="t">Courier record (Blackstone, Va.)</subfield><subfield code="w">(DLC)sn 94060195</subfield></datafield></record>